<?xml version="1.0" encoding="UTF-8"?><collection xmlns="http://www.loc.gov/MARC21/slim"><record><leader>00411nam--2200133-i-4500</leader><controlfield tag="001">000002709</controlfield><controlfield tag="002">20161230</controlfield><controlfield tag="005">20161230201025</controlfield><controlfield tag="008">060222s1000------------r-----000-0-eng-d</controlfield><datafield ind1=" " ind2=" " tag="080"><subfield code="a">54(038)=40:030.8=40</subfield></datafield><datafield ind1=" " ind2=" " tag="100"><subfield code="a">Charles,V</subfield></datafield><datafield ind1=" " ind2=" " tag="245"><subfield code="a">Vocabulaire de chimie-physique et de chimie nucleaire avec applications numeriques a l usa ge des eleves - ingenieurs</subfield></datafield><datafield ind1=" " ind2=" " tag="260"><subfield code="a">Paris,Dunod.1951. /389-391/P</subfield></datafield><datafield ind1=" " ind2=" " tag="852"><subfield code="a">D.64</subfield></datafield></record></collection>